@misc{SMPPV5,
    title = "{Short Message Peer-to-Peer Protocol Specification}",
    howpublished = "\url{https://smpp.org/SMPP_v5.pdf}",
    author = "SMS Forum",
    note = "[Online; accedido 21/07/2024]",
    year = {2003}
}